@article{pythontutorial,
	title = {5. Data Structures},
	url={https://docs.python.org/3/tutorial/datastructures.html#list-comprehensions},
}

@uarticle{csteele,
	title = {The Modern Python 3 Bootcamp},
	url={https://www.udemy.com/course/the-modern-python3-bootcamp/},
}

@uarticle{rpython,
	title = {Python Namespaces Scope},
	url = {https://realpython.com/python-namespaces-scope/},
}	

@uarticle{geeks,
	title = {Try, except, else and finally in python},
	url = {https://www.geeksforgeeks.org/try-except-else-and-finally-in-python/},
}	

@uarticle{errors,
	title = {Errors},
	url = {https://docs.python.org/3/tutorial/errors.html},
}	

@uarticle{errors:types,
	title = {Error types in python},
	url = {https://www.tutorialsteacher.com/python/error-types-in-python},
}	

@uarticle{strings:replace,
	title = {String methods: Replace},
	url = {https://www.w3schools.com/python/ref_string_replace.asp},
}
