@article{w3school,
    title = {W3 School - Java},
	url = {https://www.w3schools.com/java/default.asp}}

@article{oracle,
    title = {Summary of operators},
	url = {https://docs.oracle.com/javase/tutorial/java/nutsandbolts/opsummary.html}}

@article{precedence,
    title = {Operator precedence},
	url = {http://www.cs.bilkent.edu.tr/~guvenir/courses/CS101/op_precedence.html}}

