@article{csteele,
	title = {The Git and Github bootcamp},
	url={https://www.udemy.com/course/git-and-github-bootcamp/},}
